@misc {vrsetup2022, 
    url = {https://www.youtube.com/watch?v=yxMzAw2Sg5w&list=PLwz27aQG0IIINJb3mfDb3subZ6j8VdtEA},
    author = {Justin P Barnett},
    year = {2022},
    title = {How to Make VR Games in 2022 - Updated Unity VR Tutorial},
}